<?xml version='1.0' encoding='UTF-8'?>
<record xmlns="http://www.loc.gov/MARC21/slim">
  <leader>00828cam a2200217 a 4500</leader>
  <controlfield tag="001">418562</controlfield>
  <controlfield tag="003">NjP</controlfield>
  <controlfield tag="005">20120521221911.0</controlfield>
  <controlfield tag="008">870212s1898    le            00010 arard</controlfield>
  <datafield tag="024" ind1="7" ind2=" ">
    <subfield code="a">princeton_aco003096</subfield>
    <subfield code="2">local</subfield>
  </datafield>
  <datafield ind1=" " ind2=" " tag="035">
    <subfield code="a">(OCoLC)81411261</subfield>
  </datafield>
  <datafield ind1=" " ind2=" " tag="035">
    <subfield code="a">(CStRLIN)NJPG87-B6427</subfield>
  </datafield>
  <datafield ind1=" " ind2=" " tag="035">
    <subfield code="9">ABZ4106TS</subfield>
  </datafield>
  <datafield ind1=" " ind2=" " tag="040">
    <subfield code="a">NjP</subfield>
    <subfield code="c">NjP</subfield>
  </datafield>
  <datafield ind1="1" ind2=" " tag="100">
    <subfield code="a">Shuwayrī, Dāʾūd Marʻī.</subfield>
  </datafield>
  <datafield ind1="1" ind2="0" tag="245">
    <subfield code="a">Riwāyat afkār fī al-jaḥīm fī al-zaman al-qadīm ;</subfield>
    <subfield code="b">wa-hiya dīnīyah adabīyah tashkhīṣīyah dhāt thalāth fuṣūl /</subfield>
    <subfield code="c">bi-qalam Dāʾūd Marʻī al-Shuwayrī.</subfield>
  </datafield>
  <datafield ind1=" " ind2=" " tag="260">
    <subfield code="a">Fī Baʻabdā, Lubnān :</subfield>
    <subfield code="b">Ṭubiʻa fī al-Maṭbaʻah al-ʻUthmānīyah,</subfield>
    <subfield code="c">1898.</subfield>
  </datafield>
  <datafield ind1=" " ind2=" " tag="300">
    <subfield code="a">75 p. ;</subfield>
    <subfield code="c">20 cm.</subfield>
  </datafield>
  <datafield ind1=" " ind2=" " tag="500">
    <subfield code="a">Play.</subfield>
  </datafield>
  <datafield ind1=" " ind2=" " tag="998">
    <subfield code="a">02/27/87</subfield>
    <subfield code="s">9124</subfield>
    <subfield code="n">NjP</subfield>
    <subfield code="w">NJPG87B6427</subfield>
    <subfield code="d">02/12/87</subfield>
    <subfield code="c">SSH</subfield>
    <subfield code="b">MT</subfield>
    <subfield code="i">870227</subfield>
    <subfield code="l">NJPG</subfield>
  </datafield>
  <datafield ind1=" " ind2=" " tag="948">
    <subfield code="a">CON PC2.Arab.</subfield>
  </datafield>
  <datafield ind1=" " ind2=" " tag="911">
    <subfield code="a">19921028</subfield>
  </datafield>
  <datafield ind1=" " ind2=" " tag="912">
    <subfield code="a">19900827000000.0</subfield>
  </datafield>
  <datafield ind1="0" ind2="0" tag="852">
    <subfield code="0">1738157</subfield>
    <subfield code="b">rcppa</subfield>
    <subfield code="t">2</subfield>
    <subfield code="h">PJ7862.H95xR5</subfield>
    <subfield code="x">tr fr arab</subfield>
  </datafield>
  <datafield ind1=" " ind2=" " tag="959">
    <subfield code="a">2000-06-13 00:00:00 -0500</subfield>
  </datafield>
</record>
